<record><leader>00000cas a22000007a 4500</leader><controlfield tag="001">12698682</controlfield><controlfield tag="008">851021d18331835wvuwr ne      0    0eng d</controlfield><controlfield tag="009">6116</controlfield><datafield ind1=" " ind2=" " tag="010"><subfield code="a">sn 85059575 </subfield></datafield><datafield ind1=" " ind2=" " tag="040"><subfield code="a">WVC</subfield><subfield code="b">eng</subfield><subfield code="c">WVC</subfield><subfield code="d">DLC</subfield><subfield code="d">WVC</subfield><subfield code="d">DLC</subfield><subfield code="d">OCL</subfield></datafield><datafield ind1="1" ind2=" " tag="029"><subfield code="a">AU@</subfield><subfield code="b">000025807502</subfield></datafield><datafield ind1=" " ind2=" " tag="042"><subfield code="a">msc</subfield></datafield><datafield ind1="0" ind2="0" tag="050"><subfield code="a">Newspaper 10185-X</subfield></datafield><datafield ind1="0" ind2="0" tag="245"><subfield code="a">Brooke republican.</subfield></datafield><datafield ind1=" " ind2=" " tag="260"><subfield code="a">Wellsburg, Va. [W. Va.] :</subfield><subfield code="b">S.R. Jones,</subfield><subfield code="c">1833-1835.</subfield></datafield><datafield ind1=" " ind2=" " tag="300"><subfield code="a">3 v. ;</subfield><subfield code="c">51-53 cm.</subfield></datafield><datafield ind1=" " ind2=" " tag="310"><subfield code="a">Weekly</subfield></datafield><datafield ind1="0" ind2=" " tag="362"><subfield code="a">Vol. 1, no. 1 (May 25, 1833)-v. 3, no. 19 (Sept. 24, 1835).</subfield></datafield><datafield ind1=" " ind2=" " tag="500"><subfield code="a">Editor: D. Polsley.</subfield></datafield><datafield ind1=" " ind2=" " tag="752"><subfield code="a">United States</subfield><subfield code="b">West Virginia</subfield><subfield code="c">Brooke</subfield><subfield code="d">Wellsburg.</subfield></datafield><datafield ind1="0" ind2="0" tag="785"><subfield code="t">Western transcript (Wellsburg, Va.)</subfield><subfield code="w">(DLC)sn 84037879</subfield></datafield></record>